<?xml version="1.0" encoding="UTF-8"?>
<collection xmlns:xsi="http://www.w3.org/2001/XMLSchema-instance" xsi:schemaLocation="http://www.loc.gov/MARC21/slim http://www.loc.gov/standards/marcxml/schema/MARC21slim.xsd" xmlns="http://www.loc.gov/MARC21/slim">
<record>
  <leader>01933cam a2200397Ma 4500</leader>
  <controlfield tag="001">3183813</controlfield>
  <controlfield tag="003">NNC</controlfield>
  <controlfield tag="005">20140502142522.0</controlfield>
  <controlfield tag="008">920501s1913    ua h          001 0 arard</controlfield>
  <datafield tag="035" ind1=" " ind2=" ">
    <subfield code="9">AUC7871CU</subfield>
  </datafield>
  <datafield tag="035" ind1=" " ind2=" ">
    <subfield code="a">(OCoLC)ocn213894832</subfield>
  </datafield>
  <datafield tag="040" ind1=" " ind2=" ">
    <subfield code="a">CUT</subfield>
    <subfield code="c">CUT</subfield>
    <subfield code="d">OCLCG</subfield>
    <subfield code="d">EUX</subfield>
    <subfield code="d">OCLCA</subfield>
    <subfield code="d">OCLCF</subfield>
  </datafield>
  <datafield tag="035" ind1=" " ind2=" ">
    <subfield code="a">(OCoLC)213894832</subfield>
  </datafield>
  <datafield tag="043" ind1=" " ind2=" ">
    <subfield code="a">a-iq---</subfield>
  </datafield>
  <datafield tag="050" ind1=" " ind2="4">
    <subfield code="a">PN6519.A7</subfield>
    <subfield code="b">T25 1913</subfield>
  </datafield>
  <datafield tag="049" ind1=" " ind2=" ">
    <subfield code="a">ZCUA</subfield>
  </datafield>
  <datafield tag="100" ind1="1" ind2=" ">
    <subfield code="6">880-01</subfield>
    <subfield code="a">Ṭalqānī, ʻAlī ibn Faḍl,</subfield>
    <subfield code="d">active 1030.</subfield>
  </datafield>
  <datafield tag="245" ind1="1" ind2="0">
    <subfield code="6">880-02</subfield>
    <subfield code="a">Risālat al-amthāl al-Baghdādīyah allatī tajrī bayna al-ʻāmmah /</subfield>
    <subfield code="c">li-Abī al-Ḥasan ʻAli ibn al-Faḍl al-Muʼayyadī al-Ṭāliqānī ; taṣḥīḥ ʻA. B.̣</subfield>
  </datafield>
  <datafield tag="246" ind1="3" ind2=" ">
    <subfield code="6">880-03</subfield>
    <subfield code="a">Amthāl al-Baghdādīyah</subfield>
  </datafield>
  <datafield tag="260" ind1=" " ind2=" ">
    <subfield code="6">880-04</subfield>
    <subfield code="a">al-Fajjālah, Miṣr :</subfield>
    <subfield code="b">Maṭbaʻat Raʻamsīs,</subfield>
    <subfield code="c">[1913]</subfield>
  </datafield>
  <datafield tag="300" ind1=" " ind2=" ">
    <subfield code="a">37, 4 p., 3 leaves :</subfield>
    <subfield code="b">facsims. ;</subfield>
    <subfield code="c">24 cm.</subfield>
  </datafield>
  <datafield tag="500" ind1=" " ind2=" ">
    <subfield code="a">"Jamaʻahā fī sanat 421 H."</subfield>
  </datafield>
  <datafield tag="500" ind1=" " ind2=" ">
    <subfield code="a">An edition of Āyā Ṣūfīyā manuscript 3995.</subfield>
  </datafield>
  <datafield tag="500" ind1=" " ind2=" ">
    <subfield code="a">Includes indexes.</subfield>
  </datafield>
  <datafield tag="500" ind1=" " ind2=" ">
    <subfield code="a">The last 3 sheets are facsimiles of editorial notes in the handwriting of Louis Massignon.</subfield>
  </datafield>
  <datafield tag="500" ind1=" " ind2=" ">
    <subfield code="a">"Ṭubiʻat binafaqat Luwīz Māsīniyūn."</subfield>
  </datafield>
  <datafield tag="505" ind1="0" ind2=" ">
    <subfield code="a">The last 3 sheets are facsimiles of editorial notes in the handwriting of Louis Massignon.</subfield>
  </datafield>
  <datafield tag="650" ind1=" " ind2="0">
    <subfield code="a">Proverbs, Arabic</subfield>
    <subfield code="z">Iraq</subfield>
    <subfield code="z">Baghdad.</subfield>
  </datafield>
  <datafield tag="650" ind1=" " ind2="7">
    <subfield code="a">Proverbs, Arabic.</subfield>
    <subfield code="2">fast</subfield>
    <subfield code="0">(OCoLC)fst01080229</subfield>
  </datafield>
  <datafield tag="651" ind1=" " ind2="7">
    <subfield code="a">Iraq</subfield>
    <subfield code="z">Baghdad.</subfield>
    <subfield code="2">fast</subfield>
    <subfield code="0">(OCoLC)fst01207444</subfield>
  </datafield>
  <datafield tag="700" ind1="1" ind2=" ">
    <subfield code="a">Massignon, Louis,</subfield>
    <subfield code="d">1883-1962.</subfield>
  </datafield>
  <datafield tag="880" ind1="1" ind2=" ">
    <subfield code="6">100-01/r</subfield>
    <subfield code="a">طالقاني، علي بن فضل.</subfield>
  </datafield>
  <datafield tag="880" ind1="1" ind2="0">
    <subfield code="6">245-02/r</subfield>
    <subfield code="a">رسالة الامثال البغدادية التي تجري بين العامة /</subfield>
    <subfield code="c">لابي الحسن علي بن الفضل المؤيدي الطالفاني ؛ تصحيح ع. ب.</subfield>
  </datafield>
  <datafield tag="880" ind1="3" ind2=" ">
    <subfield code="6">246-03/r</subfield>
    <subfield code="a">امثال البغدادية</subfield>
  </datafield>
  <datafield tag="880" ind1=" " ind2=" ">
    <subfield code="6">260-04/r</subfield>
    <subfield code="a">الفجالة، مصر :</subfield>
    <subfield code="b">مطبعة رعمسيس،</subfield>
    <subfield code="c">[1913]</subfield>
  </datafield>
  <datafield tag="955" ind1=" " ind2=" ">
    <subfield code="b">CU58967419</subfield>
    <subfield code="d">off,glx</subfield>
    <subfield code="e">893.781 T143</subfield>
  </datafield>
</record>
</collection>